%% This BibTeX bibliography file was created using BibDesk.
%% https://bibdesk.sourceforge.io/

%% Created for David Jefts at 2019-03-19 13:39:51 -0400 


%% Saved with string encoding Unicode (UTF-8) 



@unpublished{defcon4,
	Author = {Charles Miller},
	Date-Added = {2019-03-19 13:38:22 -0400},
	Date-Modified = {2019-03-19 13:39:50 -0400},
	Month = {August},
	Note = {DEFCON 2007 Presentation Slides},
	Title = {How Smart is Intelligent Fuzzing - or - How Stupid is Dumb Fuzzing},
	Url = {https://www.defcon.org/images/defcon-15/dc15-presentations/dc-15-miller.pdf},
	Year = {2007}}

@unpublished{defcon5,
	Author = {Jacob West},
	Date-Added = {2019-03-19 12:44:44 -0400},
	Date-Modified = {2019-03-19 13:34:47 -0400},
	Month = {August},
	Note = {DEFCON 2007 Presentation Slides},
	Title = {How I Learned to Stop Fuzzing and Find More Bugs},
	Year = {2007}}

@techreport{protos,
	Author = {Rauli Kaksonen},
	Date-Added = {2019-03-19 12:22:45 -0400},
	Date-Modified = {2019-03-19 12:24:01 -0400},
	Institution = {Technical Research Centre of Finland},
	Title = {A Functional Method for Assessing Protocol Implementation Security},
	Url = {https://www.vtt.fi/inf/pdf/publications/2001/P448.pdf},
	Year = {2001}}

@techreport{clarke,
	Author = {Toby Clarke},
	Date-Added = {2019-03-19 01:23:34 -0400},
	Date-Modified = {2019-03-19 01:29:05 -0400},
	Institution = {Royal Holloway, University of London},
	Number = {RHUL-MA-2009-04},
	Title = {Fuzzing for software vulnerability discovery},
	Year = {17 February 2009}}

@article{GOD,
	Abstract = {As the complexity of x86 processors grows unbounded, the realities of the hidden and unexpected behaviors of these chips become apparent. While micro-architectural vulnerabilities such as speculative execution side channels are unsettling, more powerful, unknown capabilities remain buried deeper still. Here, we finally demonstrate what everyone has long feared but never proven: there are hardware backdoors in some x86 processors, and they're buried deeper than we ever imagined possible.},
	Author = {Christopher Domas},
	Date-Added = {2019-03-19 00:40:48 -0400},
	Date-Modified = {2019-03-19 00:42:40 -0400},
	Journal = {Project : Rosenbridge},
	Title = {Hardware Backdoors in x86 CPUs},
	Url = {https://i.blackhat.com/us-18/Thu-August-9/us-18-Domas-God-Mode-Unlocked-Hardware-Backdoors-In-x86-CPUs-wp.pdf},
	Year = {27 July 2018},
	Bdsk-File-1 = {YnBsaXN0MDDSAQIDBFxyZWxhdGl2ZVBhdGhZYWxpYXNEYXRhXxAqU291cmNlcy9IYXJkd2FyZSBCYWNrZG9vcnMgaW4geDg2IENQVXMucGRmTxEB+AAAAAAB+AACAAAMTWFjaW50b3NoIEhEAAAAAAAAAAAAAAAAAAAAAAAAAEJEAAH/////H0hhcmR3YXJlIEJhY2tkb29ycyNGRkZGRkZGRi5wZGYAAAAAAAAAAAAAAAAAAAAAAAAAAAAAAAAAAAAAAAAAAP////8AAAAAAAAAAAAAAAAAAQADAAAKIGN1AAAAAAAAAAAAAAAAAAdTb3VyY2VzAAACAGsvOlVzZXJzOmRhdmlkamVmdHM6RGVza3RvcDpTY2hvb2w6U01vcmVzOkdyYWQgU1FBOlJlc2VhcmNoIFBhcGVyOlNvdXJjZXM6SGFyZHdhcmUgQmFja2Rvb3JzIGluIHg4NiBDUFVzLnBkZgAADgBGACIASABhAHIAZAB3AGEAcgBlACAAQgBhAGMAawBkAG8AbwByAHMAIABpAG4AIAB4ADgANgAgAEMAUABVAHMALgBwAGQAZgAPABoADABNAGEAYwBpAG4AdABvAHMAaAAgAEgARAASAGlVc2Vycy9kYXZpZGplZnRzL0Rlc2t0b3AvU2Nob29sL1NNb3Jlcy9HcmFkIFNRQS9SZXNlYXJjaCBQYXBlci9Tb3VyY2VzL0hhcmR3YXJlIEJhY2tkb29ycyBpbiB4ODYgQ1BVcy5wZGYAABMAAS8AABUAAgAR//8AAAAIAA0AGgAkAFEAAAAAAAACAQAAAAAAAAAFAAAAAAAAAAAAAAAAAAACTQ==}}

@article{monkey,
	Author = {Andy Hertzfeld},
	Date-Added = {2019-03-19 00:20:03 -0400},
	Date-Modified = {2019-03-19 00:21:28 -0400},
	Journal = {Folklore},
	Keywords = {Software Design, Testing, Technical},
	Title = {Monkey Lives},
	Url = {www.folklore.org/StoryView.py?story=Monkey_Lives.txt},
	Year = {1983}}

@book{textbook,
	Address = {Norwood, UNITED STATES},
	Author = {Takanen, Ari},
	Date = {2017//},
	Date-Added = {2019-03-19 00:11:19 -0400},
	Date-Modified = {2019-03-19 00:11:34 -0400},
	Id = {5430720},
	Isbn = {9781630815196},
	Keywords = {Computer networks-Security measures.},
	Publisher = {Artech House},
	Title = {Fuzzing for Software Security Testing and Quality Assurance, Second Edition},
	Ty = {BOOK},
	Url = {http://ebookcentral.proquest.com/lib/erau/detail.action?docID=5430720},
	Year = {2017},
	Bdsk-Url-1 = {http://ebookcentral.proquest.com/lib/erau/detail.action?docID=5430720}}

@article{microsoft-penetration,
	Author = {John Neystadt},
	Date-Added = {2019-03-18 23:52:18 -0400},
	Date-Modified = {2019-03-19 02:24:17 -0400},
	Journal = {Microsoft Docs},
	Title = {Automated Penetration Testing with White-Box Fuzzing},
	Url = {https://docs.microsoft.com/en-us/previous-versions/software-testing/cc162782(v=msdn.10)},
	Year = {13 October 2009}}

@article{hanno,
	Author = {Hanno B\"{o}ck},
	Date-Added = {2019-03-18 23:48:21 -0400},
	Date-Modified = {2019-03-18 23:49:16 -0400},
	Journal = {Hanno's blog},
	Title = {How Heartbleed could've been found},
	Url = {https://blog.hboeck.de/archives/868-How-Heartbleed-couldve-been-found.html},
	Year = {7 April 2015}}

@article{heartbleed,
	Author = {Synopsys},
	Date-Added = {2019-03-18 23:36:29 -0400},
	Date-Modified = {2019-03-18 23:38:41 -0400},
	Title = {The Heartbleed Bug},
	Url = {heartbleed.com},
	Year = {4 April 2014}}

@webpage{springfield,
	Author = {Microsoft},
	Date-Added = {2019-03-18 23:32:26 -0400},
	Date-Modified = {2019-03-19 01:30:54 -0400},
	Howpublished = {Online},
	Title = {Microsoft previews Project Springfield, a cloud-based bug detector},
	Url = {https://blogs.microsoft.com/ai/microsoft-previews-project-springfield-cloud-based-bug-detector/},
	Year = {2016},
	Bdsk-Url-1 = {https://blogs.microsoft.com/ai/microsoft-previews-project-springfield-cloud-based-bug-detector/}}

@webpage{oss-fuzz,
	Author = {Google},
	Date-Added = {2019-03-18 23:24:57 -0400},
	Date-Modified = {2019-03-18 23:25:45 -0400},
	Howpublished = {Online},
	Title = {OSS-Fuzz - Continuous Fuzzing for Open Source Software},
	Url = {https://github.com/google/oss-fuzz},
	Year = {2016},
	Bdsk-Url-1 = {https://github.com/google/oss-fuzz}}

@webpage{clusterfuzz,
	Author = {Google},
	Date-Added = {2019-03-18 23:13:06 -0400},
	Date-Modified = {2019-03-18 23:25:32 -0400},
	Howpublished = {Online},
	Title = {ClusterFuzz},
	Url = {https://github.com/google/clusterfuzz},
	Year = {26 April 2012}}

@article{unix,
	Author = {Barton P Miller and Lars Fredriksen and Bryan So},
	Booktitle = {Communications of the ACM},
	Da = {1990/12//},
	Date = {1990///},
	Date-Added = {2019-03-18 23:04:33 -0400},
	Date-Modified = {2019-03-18 23:06:27 -0400},
	Db = {Business Insights: Essentials},
	Dp = {Gale},
	Isbn = {00010782},
	Keywords = {Desktop utilities; Product quality; Reliability (Trustworthiness); Software; Software utilities; Tests; UNIX},
	La = {English},
	M3 = {Article},
	Month = {2019/3/18/},
	Number = {12},
	Pages = {32+},
	Se = {32},
	Title = {An empirical study of the reliability of UNIX utilities},
	Ty = {MGZN},
	Url = {http://bi.galegroup.com.ezproxy.libproxy.db.erau.edu/essentials/article/GALE%7CA9716281?u=embry&sid=summon},
	Volume = {33},
	Year = {1990},
	Bdsk-Url-1 = {http://bi.galegroup.com.ezproxy.libproxy.db.erau.edu/essentials/article/GALE%7CA9716281?u=embry&sid=summon}}

@article{codenomicon,
	Author = {Brandi N. Saddler},
	Date-Added = {2019-03-18 22:32:41 -0400},
	Date-Modified = {2019-03-18 22:38:05 -0400},
	Journal = {Department of Health and Human Services - Food and Drug Administration},
	Title = {Codenomicon Defensics- Fuzz Testing Software},
	Url = {https://www.fbo.gov/spg/HHS/FDA/DCASC/FDA-13-1120705/listing.html},
	Year = {21 July 2013}}

@article{fda,
	Abstract = {This article describes where the rubber meets the road, starting from making a plan and progressing through how discovered vulnerabilities can be fixed. It provides an overview on mapping the attack surface of your target, prioritizing attack vectors, and creating a test plan. Specific recommendations on desirable fuzzer features also are described, as well as details on instrumentation, fuzzing roles, and how to help developers fix located vulnerabilities. Generational fuzzing is a highly effective method for locating vulnerabilities in software. Fuzzing has been embraced by fields as diverse as the telecommunication and automotive industries. More recently, the US Food and Drug Administration adopted a generational fuzzer as the foundation of its newly created cybersecurity laboratory, in which medical devices will be tested with the aim of improving safety and reliability. By knowing what vulnerabilities are present in their products, medical device manufacturers can better understand their risk profile, determine the most effective course of action to manage the inherent risk.},
	Author = {Jonathan Knudsen},
	Date-Added = {2019-03-18 22:18:05 -0400},
	Date-Modified = {2019-03-18 22:25:19 -0400},
	Isbn = {08998205},
	Journal = {Biomedical Instrumentation \& Technology},
	Keywords = {Medical Sciences; Computer Security; Software; Risk Management methods},
	Language = {English},
	Month = {Spring},
	Note = {Copyright - Copyright Allen Press Publishing Services Spring 2014; Document feature; Last updated - 2014-08-15},
	Pages = {48-53},
	Title = {Practical Considerations Of Fuzzing: Generating Insight into Areas of Risk},
	Url = {http://search.proquest.com.ezproxy.libproxy.db.erau.edu/docview/1530406192?accountid=27203},
	Volume = {48},
	Year = {2014},
	Bdsk-Url-1 = {http://search.proquest.com.ezproxy.libproxy.db.erau.edu/docview/1530406192?accountid=27203}}

@inproceedings{ga,
	Author = {S. {Dalal} and S. {Hooda}},
	Booktitle = {2017 International Conference on Computer and Applications (ICCA)},
	Date-Added = {2019-03-18 22:02:16 -0400},
	Date-Modified = {2019-03-18 22:02:21 -0400},
	Doi = {10.1109/COMAPP.2017.8079770},
	Keywords = {aspect-oriented programming;fuzzy set theory;genetic algorithms;pattern clustering;program testing;Unified Modeling Language;aspect oriented software system;software development life cycle;aspect-oriented program;test case scenarios;genetic algorithm;fuzzy clustering algorithm;Unified Modeling Language;UML;aspect oriented software testing;heating kettle problem;Unified modeling language;Testing;Clustering algorithms;Genetic algorithms;Software;Complexity theory;Algorithm design and analysis;Aspect-Oriented Software Testing;Fuzzy Clustering;Aspect integrated UML activity diagram;Aspectual branch coverage criteria;Genetic Algorithm;Heuristic Techniques},
	Month = {Sep.},
	Pages = {90-96},
	Title = {A Novel Technique for Testing an Aspect Oriented Software System using Genetic and Fuzzy Clustering Algorithm},
	Year = {2017},
	Bdsk-Url-1 = {https://doi.org/10.1109/COMAPP.2017.8079770}}

@unpublished{break-software,
	Author = {Ilja van Sprundel},
	Date-Added = {2019-03-18 21:39:47 -0400},
	Date-Modified = {2019-03-19 02:29:32 -0400},
	Howpublished = {Web},
	Note = {Paper for CCC Conference},
	Organization = {Chaos Computer Club},
	Title = {Fuzzing: Breaking software in an automated fashion},
	Year = {8 December 2005},
	Bdsk-File-1 = {YnBsaXN0MDDSAQIDBFxyZWxhdGl2ZVBhdGhZYWxpYXNEYXRhXxA9U291cmNlcy9GdXp6aW5nLSBCcmVha2luZyBzb2Z0d2FyZWluIGFuIGF1dG9tYXRlZCBmYXNoaW9uLnBkZk8RAkIAAAAAAkIAAgAADE1hY2ludG9zaCBIRAAAAAAAAAAAAAAAAAAAAAAAAABCRAAB/////x9GdXp6aW5nLSBCcmVha2luZyAjRkZGRkZGRkYucGRmAAAAAAAAAAAAAAAAAAAAAAAAAAAAAAAAAAAAAAAAAAD/////AAAAAAAAAAAAAAAAAAEAAwAACiBjdQAAAAAAAAAAAAAAAAAHU291cmNlcwAAAgB+LzpVc2VyczpkYXZpZGplZnRzOkRlc2t0b3A6U2Nob29sOlNNb3JlczpHcmFkIFNRQTpSZXNlYXJjaCBQYXBlcjpTb3VyY2VzOkZ1enppbmctIEJyZWFraW5nIHNvZnR3YXJlaW4gYW4gYXV0b21hdGVkIGZhc2hpb24ucGRmAA4AbAA1AEYAdQB6AHoAaQBuAGcALQAgAEIAcgBlAGEAawBpAG4AZwAgAHMAbwBmAHQAdwBhAHIAZQBpAG4AIABhAG4AIABhAHUAdABvAG0AYQB0AGUAZAAgAGYAYQBzAGgAaQBvAG4ALgBwAGQAZgAPABoADABNAGEAYwBpAG4AdABvAHMAaAAgAEgARAASAHxVc2Vycy9kYXZpZGplZnRzL0Rlc2t0b3AvU2Nob29sL1NNb3Jlcy9HcmFkIFNRQS9SZXNlYXJjaCBQYXBlci9Tb3VyY2VzL0Z1enppbmctIEJyZWFraW5nIHNvZnR3YXJlaW4gYW4gYXV0b21hdGVkIGZhc2hpb24ucGRmABMAAS8AABUAAgAR//8AAAAIAA0AGgAkAGQAAAAAAAACAQAAAAAAAAAFAAAAAAAAAAAAAAAAAAACqg==}}

@webpage{gray,
	Date-Added = {2019-03-18 20:49:36 -0400},
	Date-Modified = {2019-03-18 21:37:45 -0400},
	Lastchecked = {15 March 2019},
	Title = {Gray Box Testing},
	Url = {www.softwaretestingfundamentals.com/gray-box-testing},
	Year = {4 November 2011}}

@unpublished{slide-testing,
	Author = {Massood Towhidnejad},
	Date-Added = {2019-03-17 17:29:16 -0400},
	Date-Modified = {2019-03-17 17:44:55 -0400},
	Month = {February},
	Note = {in-class presentation},
	Title = {Lecture 6 - Software Testing},
	Year = {2019},
	Bdsk-File-1 = {YnBsaXN0MDDSAQIDBFxyZWxhdGl2ZVBhdGhZYWxpYXNEYXRhXxAmU291cmNlcy9MZWN0dXJlIDYtU29mdHdhcmUgVGVzdGluZy5wZGZPEQHoAAAAAAHoAAIAAAxNYWNpbnRvc2ggSEQAAAAAAAAAAAAAAAAAAAAAAAAAQkQAAf////8eTGVjdHVyZSA2LVNvZnR3YXJlIFRlc3RpbmcucGRmAAAAAAAAAAAAAAAAAAAAAAAAAAAAAAAAAAAAAAAAAAAA/////wAAAAAAAAAAAAAAAAABAAMAAAogY3UAAAAAAAAAAAAAAAAAB1NvdXJjZXMAAAIAZy86VXNlcnM6ZGF2aWRqZWZ0czpEZXNrdG9wOlNjaG9vbDpTTW9yZXM6R3JhZCBTUUE6UmVzZWFyY2ggUGFwZXI6U291cmNlczpMZWN0dXJlIDYtU29mdHdhcmUgVGVzdGluZy5wZGYAAA4APgAeAEwAZQBjAHQAdQByAGUAIAA2AC0AUwBvAGYAdAB3AGEAcgBlACAAVABlAHMAdABpAG4AZwAuAHAAZABmAA8AGgAMAE0AYQBjAGkAbgB0AG8AcwBoACAASABEABIAZVVzZXJzL2RhdmlkamVmdHMvRGVza3RvcC9TY2hvb2wvU01vcmVzL0dyYWQgU1FBL1Jlc2VhcmNoIFBhcGVyL1NvdXJjZXMvTGVjdHVyZSA2LVNvZnR3YXJlIFRlc3RpbmcucGRmAAATAAEvAAAVAAIAEf//AAAACAANABoAJABNAAAAAAAAAgEAAAAAAAAABQAAAAAAAAAAAAAAAAAAAjk=}}

@inproceedings{boxes,
	Author = {K. K. {Mohan} and A. K. {Verma} and A. {Srividya}},
	Booktitle = {2010 2nd International Conference on Reliability, Safety and Hazard - Risk-Based Technologies and Physics-of-Failure Methods (ICRESH)},
	Date-Added = {2019-03-17 00:32:04 -0400},
	Date-Modified = {2019-03-17 00:32:39 -0400},
	Doi = {10.1109/ICRESH.2010.5779604},
	Keywords = {formal specification;program testing;software architecture;software reliability;software reliability estimation;black box testing;white box testing;failure-free system operation;software testing;probabilistic software behavior;reliability quantification analysis;financial application;software development life cycle;form orthogonal defect classification;functional requirements;software architectural modeling;Testing;Software reliability;Parallel processing;Software;Black-Box;White-Box;Petri nets;orthogonal defect classification (ODC);Software architecture;Reliability estimation},
	Month = {Dec},
	Pages = {517-522},
	Title = {Software reliability estimation through black box and white box testing at prototype level},
	Year = {2010},
	Bdsk-File-1 = {YnBsaXN0MDDSAQIDBFxyZWxhdGl2ZVBhdGhZYWxpYXNEYXRhXxBmU291cmNlcy9Tb2Z0d2FyZSBSZWxpYWJpbGl0eSBFc3RpbWF0aW9uIFRocm91Z2ggQmxhY2sgQm94IGFuZCBXaGl0ZSBCb3ggVGVzdGluZyBhdCBQcm90b3R5cGUgTGV2ZWwucGRmTxEC6AAAAAAC6AACAAAMTWFjaW50b3NoIEhEAAAAAAAAAAAAAAAAAAAAAAAAAEJEAAH/////H1NvZnR3YXJlIFJlbGlhYmlsaSNGRkZGRkZGRi5wZGYAAAAAAAAAAAAAAAAAAAAAAAAAAAAAAAAAAAAAAAAAAP////8AAAAAAAAAAAAAAAAAAQADAAAKIGN1AAAAAAAAAAAAAAAAAAdTb3VyY2VzAAACAKcvOlVzZXJzOmRhdmlkamVmdHM6RGVza3RvcDpTY2hvb2w6U01vcmVzOkdyYWQgU1FBOlJlc2VhcmNoIFBhcGVyOlNvdXJjZXM6U29mdHdhcmUgUmVsaWFiaWxpdHkgRXN0aW1hdGlvbiBUaHJvdWdoIEJsYWNrIEJveCBhbmQgV2hpdGUgQm94IFRlc3RpbmcgYXQgUHJvdG90eXBlIExldmVsLnBkZgAADgC+AF4AUwBvAGYAdAB3AGEAcgBlACAAUgBlAGwAaQBhAGIAaQBsAGkAdAB5ACAARQBzAHQAaQBtAGEAdABpAG8AbgAgAFQAaAByAG8AdQBnAGgAIABCAGwAYQBjAGsAIABCAG8AeAAgAGEAbgBkACAAVwBoAGkAdABlACAAQgBvAHgAIABUAGUAcwB0AGkAbgBnACAAYQB0ACAAUAByAG8AdABvAHQAeQBwAGUAIABMAGUAdgBlAGwALgBwAGQAZgAPABoADABNAGEAYwBpAG4AdABvAHMAaAAgAEgARAASAKVVc2Vycy9kYXZpZGplZnRzL0Rlc2t0b3AvU2Nob29sL1NNb3Jlcy9HcmFkIFNRQS9SZXNlYXJjaCBQYXBlci9Tb3VyY2VzL1NvZnR3YXJlIFJlbGlhYmlsaXR5IEVzdGltYXRpb24gVGhyb3VnaCBCbGFjayBCb3ggYW5kIFdoaXRlIEJveCBUZXN0aW5nIGF0IFByb3RvdHlwZSBMZXZlbC5wZGYAABMAAS8AABUAAgAR//8AAAAIAA0AGgAkAI0AAAAAAAACAQAAAAAAAAAFAAAAAAAAAAAAAAAAAAADeQ==},
	Bdsk-Url-1 = {https://doi.org/10.1109/ICRESH.2010.5779604}}

@inproceedings{assertion,
	Author = {B. {Korel} and A. M. {Al-Yami}},
	Booktitle = {Proceedings of IEEE 18th International Conference on Software Engineering},
	Date-Added = {2019-03-15 15:46:52 -0500},
	Date-Modified = {2019-03-16 13:31:56 -0500},
	Doi = {10.1109/ICSE.1996.493403},
	Issn = {0270-5257},
	Keywords = {program testing;automatic programming;software engineering;assertion oriented automated test data generation;automatic run time detection;software errors;program input;automated test data generation;white box testing;Automatic testing;Runtime;Software testing;Programming profession;Debugging;Computer science;Computer errors;Costs;Data analysis;Computer bugs},
	Month = {March},
	Pages = {71-80},
	Title = {Assertion-oriented automated test data generation},
	Year = {1996},
	Bdsk-File-1 = {YnBsaXN0MDDSAQIDBFxyZWxhdGl2ZVBhdGhZYWxpYXNEYXRhXxA9U291cmNlcy9Bc3NlcnRpb24tT3JpZW50ZWQgQXV0b21hdGVkIFRlc3QgRGF0YSBHZW5lcmF0aW9uLnBkZk8RAkIAAAAAAkIAAgAADE1hY2ludG9zaCBIRAAAAAAAAAAAAAAAAAAAAAAAAABCRAAB/////x9Bc3NlcnRpb24tT3JpZW50ZWQjRkZGRkZGRkYucGRmAAAAAAAAAAAAAAAAAAAAAAAAAAAAAAAAAAAAAAAAAAD/////AAAAAAAAAAAAAAAAAAEAAwAACiBjdQAAAAAAAAAAAAAAAAAHU291cmNlcwAAAgB+LzpVc2VyczpkYXZpZGplZnRzOkRlc2t0b3A6U2Nob29sOlNNb3JlczpHcmFkIFNRQTpSZXNlYXJjaCBQYXBlcjpTb3VyY2VzOkFzc2VydGlvbi1PcmllbnRlZCBBdXRvbWF0ZWQgVGVzdCBEYXRhIEdlbmVyYXRpb24ucGRmAA4AbAA1AEEAcwBzAGUAcgB0AGkAbwBuAC0ATwByAGkAZQBuAHQAZQBkACAAQQB1AHQAbwBtAGEAdABlAGQAIABUAGUAcwB0ACAARABhAHQAYQAgAEcAZQBuAGUAcgBhAHQAaQBvAG4ALgBwAGQAZgAPABoADABNAGEAYwBpAG4AdABvAHMAaAAgAEgARAASAHxVc2Vycy9kYXZpZGplZnRzL0Rlc2t0b3AvU2Nob29sL1NNb3Jlcy9HcmFkIFNRQS9SZXNlYXJjaCBQYXBlci9Tb3VyY2VzL0Fzc2VydGlvbi1PcmllbnRlZCBBdXRvbWF0ZWQgVGVzdCBEYXRhIEdlbmVyYXRpb24ucGRmABMAAS8AABUAAgAR//8AAAAIAA0AGgAkAGQAAAAAAAACAQAAAAAAAAAFAAAAAAAAAAAAAAAAAAACqg==},
	Bdsk-Url-1 = {https://doi.org/10.1109/ICSE.1996.493403}}

@unpublished{slide-defect,
	Author = {Massood Towhidnejad},
	Date-Added = {2019-03-15 15:24:00 -0500},
	Date-Modified = {2019-03-17 17:44:47 -0400},
	Month = {February},
	Note = {in-class presentation},
	Title = {Lecture 4 - Defects},
	Year = {2019},
	Bdsk-File-1 = {YnBsaXN0MDDSAQIDBFxyZWxhdGl2ZVBhdGhZYWxpYXNEYXRhXxAdU291cmNlcy9MZWN0dXJlIDQtRGVmZWN0cy5wZGZPEQHCAAAAAAHCAAIAAAxNYWNpbnRvc2ggSEQAAAAAAAAAAAAAAAAAAAAAAAAAQkQAAf////8VTGVjdHVyZSA0LURlZmVjdHMucGRmAAAAAAAAAAAAAAAAAAAAAAAAAAAAAAAAAAAAAAAAAAAAAAAAAAAAAAAA/////wAAAAAAAAAAAAAAAAABAAMAAAogY3UAAAAAAAAAAAAAAAAAB1NvdXJjZXMAAAIAXi86VXNlcnM6ZGF2aWRqZWZ0czpEZXNrdG9wOlNjaG9vbDpTTW9yZXM6R3JhZCBTUUE6UmVzZWFyY2ggUGFwZXI6U291cmNlczpMZWN0dXJlIDQtRGVmZWN0cy5wZGYADgAsABUATABlAGMAdAB1AHIAZQAgADQALQBEAGUAZgBlAGMAdABzAC4AcABkAGYADwAaAAwATQBhAGMAaQBuAHQAbwBzAGgAIABIAEQAEgBcVXNlcnMvZGF2aWRqZWZ0cy9EZXNrdG9wL1NjaG9vbC9TTW9yZXMvR3JhZCBTUUEvUmVzZWFyY2ggUGFwZXIvU291cmNlcy9MZWN0dXJlIDQtRGVmZWN0cy5wZGYAEwABLwAAFQACABH//wAAAAgADQAaACQARAAAAAAAAAIBAAAAAAAAAAUAAAAAAAAAAAAAAAAAAAIK}}

@article{fuzzy-logic,
	Abstract = {Software testing is a very labor intensive and costly task. Therefore, many software testing techniques to automate the process of software testing have been reported in the literature. Assertion-Based automated software testing has been shown to be effective in detecting program faults as compared to traditional black-box and white-box software testing methods. However, the applicability of this approach in the presence of large numbers of assertions may be very costly. Therefore, software developers need assistance while making decision to apply Assertion-Based testing in order for them to get the benefits of this approach at an acceptable level of costs. In this paper, we present an Assertion-Based testing metrics technique that is based on fuzzy logic. The main goal of the proposed technique is to enhance the performance of Assertion-Based software testing in the presence of large numbers of assertions. To evaluate the proposed technique, an experimental study was performed in which the proposed technique is applied on programs with assertions. The result of this experiment shows that the effectiveness and performance of Assertion-Based software testing have improved when applying the proposed testing metrics technique.},
	Author = {Alakeel,Ali M.},
	Date-Added = {2019-03-12 18:28:53 -0500},
	Date-Modified = {2019-03-12 18:29:14 -0500},
	Journal = {The Scientific World Journal},
	Keywords = {Sciences: Comprehensive Works; Software; Product testing; Automation; Studies; Experiments; Methods},
	Language = {English},
	Note = {Copyright - Copyright {\copyright} 2015 Ali M. Alakeel. Ali M. Alakeel et al. This is an open access article distributed under the Creative Commons Attribution License, which permits unrestricted use, distribution, and reproduction in any medium, provided the original work is properly cited; Last updated - 2018-10-09},
	Title = {Using Fuzzy Logic Techniques for Assertion-Based Software Testing Metrics},
	Url = {http://search.proquest.com.ezproxy.libproxy.db.erau.edu/docview/1679858177?accountid=27203},
	Volume = {2015},
	Year = {2015},
	Bdsk-File-1 = {YnBsaXN0MDDSAQIDBFxyZWxhdGl2ZVBhdGhZYWxpYXNEYXRhXxBVU291cmNlcy9Vc2luZyBGdXp6eSBMb2dpYyBUZWNobmlxdWVzIGZvciBBc3NlcnRpb24tQmFzZWQgU29mdHdhcmUgVGVzdGluZyBNZXRyaWNzLnBkZk8RAqIAAAAAAqIAAgAADE1hY2ludG9zaCBIRAAAAAAAAAAAAAAAAAAAAAAAAABCRAAB/////x9Vc2luZyBGdXp6eSBMb2dpYyAjRkZGRkZGRkYucGRmAAAAAAAAAAAAAAAAAAAAAAAAAAAAAAAAAAAAAAAAAAD/////AAAAAAAAAAAAAAAAAAEAAwAACiBjdQAAAAAAAAAAAAAAAAAHU291cmNlcwAAAgCWLzpVc2VyczpkYXZpZGplZnRzOkRlc2t0b3A6U2Nob29sOlNNb3JlczpHcmFkIFNRQTpSZXNlYXJjaCBQYXBlcjpTb3VyY2VzOlVzaW5nIEZ1enp5IExvZ2ljIFRlY2huaXF1ZXMgZm9yIEFzc2VydGlvbi1CYXNlZCBTb2Z0d2FyZSBUZXN0aW5nIE1ldHJpY3MucGRmAA4AnABNAFUAcwBpAG4AZwAgAEYAdQB6AHoAeQAgAEwAbwBnAGkAYwAgAFQAZQBjAGgAbgBpAHEAdQBlAHMAIABmAG8AcgAgAEEAcwBzAGUAcgB0AGkAbwBuAC0AQgBhAHMAZQBkACAAUwBvAGYAdAB3AGEAcgBlACAAVABlAHMAdABpAG4AZwAgAE0AZQB0AHIAaQBjAHMALgBwAGQAZgAPABoADABNAGEAYwBpAG4AdABvAHMAaAAgAEgARAASAJRVc2Vycy9kYXZpZGplZnRzL0Rlc2t0b3AvU2Nob29sL1NNb3Jlcy9HcmFkIFNRQS9SZXNlYXJjaCBQYXBlci9Tb3VyY2VzL1VzaW5nIEZ1enp5IExvZ2ljIFRlY2huaXF1ZXMgZm9yIEFzc2VydGlvbi1CYXNlZCBTb2Z0d2FyZSBUZXN0aW5nIE1ldHJpY3MucGRmABMAAS8AABUAAgAR//8AAAAIAA0AGgAkAHwAAAAAAAACAQAAAAAAAAAFAAAAAAAAAAAAAAAAAAADIg==},
	Bdsk-Url-1 = {http://search.proquest.com.ezproxy.libproxy.db.erau.edu/docview/1679858177?accountid=27203}}

@inproceedings{automation,
	Acmid = {1807153},
	Address = {New York, NY, USA},
	Author = {Candea, George and Bucur, Stefan and Zamfir, Cristian},
	Booktitle = {Proceedings of the 1st ACM Symposium on Cloud Computing},
	Date-Added = {2019-03-12 13:39:24 -0500},
	Date-Modified = {2019-03-12 13:40:05 -0500},
	Doi = {10.1145/1807128.1807153},
	Isbn = {978-1-4503-0036-0},
	Keywords = {automated testing, software reliability, symbolic execution, taas, testing-as-a-service},
	Location = {Indianapolis, Indiana, USA},
	Numpages = {6},
	Pages = {155--160},
	Publisher = {ACM},
	Series = {SoCC '10},
	Title = {Automated Software Testing As a Service},
	Url = {http://doi.acm.org.ezproxy.libproxy.db.erau.edu/10.1145/1807128.1807153},
	Year = {2010},
	Bdsk-File-1 = {YnBsaXN0MDDSAQIDBFxyZWxhdGl2ZVBhdGhZYWxpYXNEYXRhXxAzU291cmNlcy9BdXRvbWF0ZWQgc29mdHdhcmUgdGVzdGluZyBhcyBhIHNlcnZpY2UucGRmTxECGgAAAAACGgACAAAMTWFjaW50b3NoIEhEAAAAAAAAAAAAAAAAAAAAAAAAAEJEAAH/////H0F1dG9tYXRlZCBzb2Z0d2FyZSNGRkZGRkZGRi5wZGYAAAAAAAAAAAAAAAAAAAAAAAAAAAAAAAAAAAAAAAAAAP////8AAAAAAAAAAAAAAAAAAQADAAAKIGN1AAAAAAAAAAAAAAAAAAdTb3VyY2VzAAACAHQvOlVzZXJzOmRhdmlkamVmdHM6RGVza3RvcDpTY2hvb2w6U01vcmVzOkdyYWQgU1FBOlJlc2VhcmNoIFBhcGVyOlNvdXJjZXM6QXV0b21hdGVkIHNvZnR3YXJlIHRlc3RpbmcgYXMgYSBzZXJ2aWNlLnBkZgAOAFgAKwBBAHUAdABvAG0AYQB0AGUAZAAgAHMAbwBmAHQAdwBhAHIAZQAgAHQAZQBzAHQAaQBuAGcAIABhAHMAIABhACAAcwBlAHIAdgBpAGMAZQAuAHAAZABmAA8AGgAMAE0AYQBjAGkAbgB0AG8AcwBoACAASABEABIAclVzZXJzL2RhdmlkamVmdHMvRGVza3RvcC9TY2hvb2wvU01vcmVzL0dyYWQgU1FBL1Jlc2VhcmNoIFBhcGVyL1NvdXJjZXMvQXV0b21hdGVkIHNvZnR3YXJlIHRlc3RpbmcgYXMgYSBzZXJ2aWNlLnBkZgATAAEvAAAVAAIAEf//AAAACAANABoAJABaAAAAAAAAAgEAAAAAAAAABQAAAAAAAAAAAAAAAAAAAng=},
	Bdsk-Url-1 = {http://doi.acm.org.ezproxy.libproxy.db.erau.edu/10.1145/1807128.1807153},
	Bdsk-Url-2 = {https://doi.org/10.1145/1807128.1807153}}

@article{hierarchy,
	Abstract = {This paper proposes a Fuzzy Group Analytical Hierarchy Process approach for assessing the quality of software, with judgments by a group of experts at different levels. The international standard of software quality attributes, ISO/IEC9126-1:2001 which comprises of 6 criteria with 27 subcriteria, is applied as the attributes of software quality. Regarding the prioritization method, the modified fuzzy Logarithmic Least Squares Method (LLSM) is applied to derive the importance weight vectors. The Fuzzy Prioritization Programming for Direct Rating Scales (FPP-DRS) on the basis of the modified fuzzy LLSM and the rescaling functions is proposed to design the direct rating scales in fuzzy number. The Fuzzy Synthesis Programming for Absolute Measurement (FSPAM) including Integrated Fuzzy Scores of Individual Expert (IFSIE) and Group Integrated Fuzzy Score (GIFS) is proposed to aggregate the criteria values from various experts. The proposed approach can help a group of various experts including developers, testers and purchasers, to measure the level of the software quality of the in-house development or the third party development.},
	Author = {Kevin Kam Fung Yuen and Henry C.W. Lau},
	Date-Added = {2019-03-11 08:03:04 -0400},
	Date-Modified = {2019-03-11 08:03:15 -0400},
	Doi = {https://doi.org/10.1016/j.eswa.2011.02.057},
	Issn = {0957-4174},
	Journal = {Expert Systems with Applications},
	Keywords = {Fuzzy group analytical hierarchy process (AHP), Decision analysis, Software quality assurance, Software engineering, Software project evaluation},
	Number = {8},
	Pages = {10292 - 10302},
	Title = {A fuzzy group analytical hierarchy process approach for software quality assurance management: Fuzzy logarithmic least squares method},
	Url = {http://www.sciencedirect.com/science/article/pii/S0957417411002636},
	Volume = {38},
	Year = {2011},
	Bdsk-File-1 = {YnBsaXN0MDDSAQIDBFxyZWxhdGl2ZVBhdGhZYWxpYXNEYXRhXxBUU291cmNlcy9BIGZ1enp5IGdyb3VwIGFuYWx5dGljYWwgaGllcmFyY2h5IHByb2Nlc3MgYXBwcm9hY2ggZm9yIHNvZnR3YXJlIHF1YWxpdHkucGRmTxECoAAAAAACoAACAAAMTWFjaW50b3NoIEhEAAAAAAAAAAAAAAAAAAAAAAAAAEJEAAH/////H0EgZnV6enkgZ3JvdXAgYW5hbCNGRkZGRkZGRi5wZGYAAAAAAAAAAAAAAAAAAAAAAAAAAAAAAAAAAAAAAAAAAP////8AAAAAAAAAAAAAAAAAAQADAAAKIGN1AAAAAAAAAAAAAAAAAAdTb3VyY2VzAAACAJUvOlVzZXJzOmRhdmlkamVmdHM6RGVza3RvcDpTY2hvb2w6U01vcmVzOkdyYWQgU1FBOlJlc2VhcmNoIFBhcGVyOlNvdXJjZXM6QSBmdXp6eSBncm91cCBhbmFseXRpY2FsIGhpZXJhcmNoeSBwcm9jZXNzIGFwcHJvYWNoIGZvciBzb2Z0d2FyZSBxdWFsaXR5LnBkZgAADgCaAEwAQQAgAGYAdQB6AHoAeQAgAGcAcgBvAHUAcAAgAGEAbgBhAGwAeQB0AGkAYwBhAGwAIABoAGkAZQByAGEAcgBjAGgAeQAgAHAAcgBvAGMAZQBzAHMAIABhAHAAcAByAG8AYQBjAGgAIABmAG8AcgAgAHMAbwBmAHQAdwBhAHIAZQAgAHEAdQBhAGwAaQB0AHkALgBwAGQAZgAPABoADABNAGEAYwBpAG4AdABvAHMAaAAgAEgARAASAJNVc2Vycy9kYXZpZGplZnRzL0Rlc2t0b3AvU2Nob29sL1NNb3Jlcy9HcmFkIFNRQS9SZXNlYXJjaCBQYXBlci9Tb3VyY2VzL0EgZnV6enkgZ3JvdXAgYW5hbHl0aWNhbCBoaWVyYXJjaHkgcHJvY2VzcyBhcHByb2FjaCBmb3Igc29mdHdhcmUgcXVhbGl0eS5wZGYAABMAAS8AABUAAgAR//8AAAAIAA0AGgAkAHsAAAAAAAACAQAAAAAAAAAFAAAAAAAAAAAAAAAAAAADHw==},
	Bdsk-Url-1 = {http://www.sciencedirect.com/science/article/pii/S0957417411002636},
	Bdsk-Url-2 = {https://doi.org/10.1016/j.eswa.2011.02.057}}

@inproceedings{vulnerabilities,
	Author = {S. {Bekrar} and C. {Bekrar} and R. {Groz} and L. {Mounier}},
	Booktitle = {2011 Fourth IEEE International Conference on Software Testing, Verification and Validation},
	Date-Added = {2019-03-11 07:54:03 -0400},
	Date-Modified = {2019-03-11 07:54:13 -0400},
	Doi = {10.1109/ICST.2011.48},
	Issn = {2159-4848},
	Keywords = {program testing;software vulnerabilities;smart fuzzing;software robustness;fuzz testing;data tainting;coverage analysis;error detection;Security;Testing;Software;Assembly;Instruments;Monitoring;Algorithm design and analysis;fuzzing;testing;software vulnerabilities},
	Month = {March},
	Pages = {427-430},
	Title = {Finding Software Vulnerabilities by Smart Fuzzing},
	Year = {2011},
	Bdsk-File-1 = {YnBsaXN0MDDSAQIDBFxyZWxhdGl2ZVBhdGhZYWxpYXNEYXRhXxA9U291cmNlcy9GaW5kaW5nIFNvZnR3YXJlIFZ1bG5lcmFiaWxpdGllcyBieSBTbWFydCBGdXp6aW5nLnBkZk8RAkIAAAAAAkIAAgAADE1hY2ludG9zaCBIRAAAAAAAAAAAAAAAAAAAAAAAAABCRAAB/////x9GaW5kaW5nIFNvZnR3YXJlIFYjRkZGRkZGRkYucGRmAAAAAAAAAAAAAAAAAAAAAAAAAAAAAAAAAAAAAAAAAAD/////AAAAAAAAAAAAAAAAAAEAAwAACiBjdQAAAAAAAAAAAAAAAAAHU291cmNlcwAAAgB+LzpVc2VyczpkYXZpZGplZnRzOkRlc2t0b3A6U2Nob29sOlNNb3JlczpHcmFkIFNRQTpSZXNlYXJjaCBQYXBlcjpTb3VyY2VzOkZpbmRpbmcgU29mdHdhcmUgVnVsbmVyYWJpbGl0aWVzIGJ5IFNtYXJ0IEZ1enppbmcucGRmAA4AbAA1AEYAaQBuAGQAaQBuAGcAIABTAG8AZgB0AHcAYQByAGUAIABWAHUAbABuAGUAcgBhAGIAaQBsAGkAdABpAGUAcwAgAGIAeQAgAFMAbQBhAHIAdAAgAEYAdQB6AHoAaQBuAGcALgBwAGQAZgAPABoADABNAGEAYwBpAG4AdABvAHMAaAAgAEgARAASAHxVc2Vycy9kYXZpZGplZnRzL0Rlc2t0b3AvU2Nob29sL1NNb3Jlcy9HcmFkIFNRQS9SZXNlYXJjaCBQYXBlci9Tb3VyY2VzL0ZpbmRpbmcgU29mdHdhcmUgVnVsbmVyYWJpbGl0aWVzIGJ5IFNtYXJ0IEZ1enppbmcucGRmABMAAS8AABUAAgAR//8AAAAIAA0AGgAkAGQAAAAAAAACAQAAAAAAAAAFAAAAAAAAAAAAAAAAAAACqg==},
	Bdsk-Url-1 = {https://doi.org/10.1109/ICST.2011.48}}

@article{penetration,
	Author = {B. {Arkin} and S. {Stender} and G. {McGraw}},
	Date-Added = {2019-03-11 07:52:14 -0400},
	Date-Modified = {2019-03-11 07:52:24 -0400},
	Doi = {10.1109/MSP.2005.23},
	Issn = {1540-7993},
	Journal = {IEEE Security Privacy},
	Keywords = {program testing;software penetration testing;quality assurance;business requirements;Software testing;Risk analysis;Computer bugs;Programming;System testing;Computer security;Automatic testing;Life testing;Application software;Privacy;security testing;penetration testing;software development life cycle},
	Month = {Jan},
	Number = {1},
	Pages = {84-87},
	Title = {Software penetration testing},
	Volume = {3},
	Year = {2005},
	Bdsk-File-1 = {YnBsaXN0MDDSAQIDBFxyZWxhdGl2ZVBhdGhZYWxpYXNEYXRhXxAoU291cmNlcy9Tb2Z0d2FyZSBQZW5ldHJhdGlvbiBUZXN0aW5nLnBkZk8RAfAAAAAAAfAAAgAADE1hY2ludG9zaCBIRAAAAAAAAAAAAAAAAAAAAAAAAABCRAAB/////x9Tb2Z0d2FyZSBQZW5ldHJhdGkjRkZGRkZGRkYucGRmAAAAAAAAAAAAAAAAAAAAAAAAAAAAAAAAAAAAAAAAAAD/////AAAAAAAAAAAAAAAAAAEAAwAACiBjdQAAAAAAAAAAAAAAAAAHU291cmNlcwAAAgBpLzpVc2VyczpkYXZpZGplZnRzOkRlc2t0b3A6U2Nob29sOlNNb3JlczpHcmFkIFNRQTpSZXNlYXJjaCBQYXBlcjpTb3VyY2VzOlNvZnR3YXJlIFBlbmV0cmF0aW9uIFRlc3RpbmcucGRmAAAOAEIAIABTAG8AZgB0AHcAYQByAGUAIABQAGUAbgBlAHQAcgBhAHQAaQBvAG4AIABUAGUAcwB0AGkAbgBnAC4AcABkAGYADwAaAAwATQBhAGMAaQBuAHQAbwBzAGgAIABIAEQAEgBnVXNlcnMvZGF2aWRqZWZ0cy9EZXNrdG9wL1NjaG9vbC9TTW9yZXMvR3JhZCBTUUEvUmVzZWFyY2ggUGFwZXIvU291cmNlcy9Tb2Z0d2FyZSBQZW5ldHJhdGlvbiBUZXN0aW5nLnBkZgAAEwABLwAAFQACABH//wAAAAgADQAaACQATwAAAAAAAAIBAAAAAAAAAAUAAAAAAAAAAAAAAAAAAAJD},
	Bdsk-Url-1 = {https://doi.org/10.1109/MSP.2005.23}}

@unpublished{fuzzing,
	Author = {Ilja van Sprundel},
	Date-Added = {2019-03-10 23:58:41 -0400},
	Date-Modified = {2019-03-19 02:28:52 -0400},
	Howpublished = {Web},
	Month = {December},
	Note = {Presentation Slides},
	Organization = {Chaos Computer Club},
	Title = {Fuzzing},
	Url = {https://events.ccc.de/congress/2005/fahrplan/attachments/683-slides_fuzzing.pdf},
	Year = {2005},
	Bdsk-File-1 = {YnBsaXN0MDDSAQIDBFxyZWxhdGl2ZVBhdGhZYWxpYXNEYXRhXxAeU291cmNlcy9GdXp6aW5nIFNsaWRlcyBDQ0MucGRmTxEByAAAAAAByAACAAAMTWFjaW50b3NoIEhEAAAAAAAAAAAAAAAAAAAAAAAAAEJEAAH/////FkZ1enppbmcgU2xpZGVzIENDQy5wZGYAAAAAAAAAAAAAAAAAAAAAAAAAAAAAAAAAAAAAAAAAAAAAAAAAAAAAAP////8AAAAAAAAAAAAAAAAAAQADAAAKIGN1AAAAAAAAAAAAAAAAAAdTb3VyY2VzAAACAF8vOlVzZXJzOmRhdmlkamVmdHM6RGVza3RvcDpTY2hvb2w6U01vcmVzOkdyYWQgU1FBOlJlc2VhcmNoIFBhcGVyOlNvdXJjZXM6RnV6emluZyBTbGlkZXMgQ0NDLnBkZgAADgAuABYARgB1AHoAegBpAG4AZwAgAFMAbABpAGQAZQBzACAAQwBDAEMALgBwAGQAZgAPABoADABNAGEAYwBpAG4AdABvAHMAaAAgAEgARAASAF1Vc2Vycy9kYXZpZGplZnRzL0Rlc2t0b3AvU2Nob29sL1NNb3Jlcy9HcmFkIFNRQS9SZXNlYXJjaCBQYXBlci9Tb3VyY2VzL0Z1enppbmcgU2xpZGVzIENDQy5wZGYAABMAAS8AABUAAgAR//8AAAAIAA0AGgAkAEUAAAAAAAACAQAAAAAAAAAFAAAAAAAAAAAAAAAAAAACEQ==}}
